<?xml version="1.0" encoding="UTF-8"?><record xmlns="http://www.loc.gov/MARC21/slim" xmlns:cinclude="http://apache.org/cocoon/include/1.0" xmlns:zs="http://www.loc.gov/zing/srw/">
  <leader>00555cz  a2200157n  4500</leader>
  <controlfield tag="001">nr 94008674 </controlfield>
  <controlfield tag="003">DLC</controlfield>
  <controlfield tag="005">20051213092604.0</controlfield>
  <controlfield tag="008">940315n| acannaab           |a aaa     c</controlfield>
  <datafield tag="010" ind1=" " ind2=" ">
    <subfield code="a">nr 94008674 </subfield>
  </datafield>
  <datafield tag="040" ind1=" " ind2=" ">
    <subfield code="a">NjP</subfield>
    <subfield code="b">eng</subfield>
    <subfield code="c">NjP</subfield>
    <subfield code="d">DLC</subfield>
  </datafield>
  <datafield tag="053" ind1=" " ind2="0">
    <subfield code="a">PR9499.3.P</subfield>
  </datafield>
  <datafield tag="100" ind1="1" ind2=" ">
    <subfield code="a">Peeradina, Saleem</subfield>
  </datafield>
  <datafield tag="400" ind1="0" ind2=" ">
    <subfield code="a">Saleem Peeradina</subfield>
  </datafield>
  <datafield tag="670" ind1=" " ind2=" ">
    <subfield code="a">His Group portrait, 1992:</subfield>
    <subfield code="b">t.p. (Saleem Peeradina) p. 4 of cover (studied and taught lit. at Bombay Univ., currently asst. prof. of Eng., Siena Heights Coll., Michigan)</subfield>
  </datafield>
  <datafield tag="670" ind1=" " ind2=" ">
    <subfield code="a">LC in RLIN, 3-14-94</subfield>
    <subfield code="b">(hdg.: Peeradina, Saleem)</subfield>
  </datafield>
</record>